@Manual{R-base,
  title = {R: A Language and Environment for Statistical Computing},
  author = {{R Core Team}},
  organization = {R Foundation for Statistical Computing},
  address = {Vienna, Austria},
  year = {2021},
  url = {https://www.R-project.org/},
}

@Manual{R-bettertrace,
  title = {bettertrace: bettertrace (http://github.com/robertzk/bettertrace)},
  author = {Robert Krzyzanowski},
  year = {2021},
  note = {R package version 0.1.3},
}

@Manual{R-binom,
  title = {binom: Binomial Confidence Intervals For Several Parameterizations},
  author = {Sundar Dorai-Raj},
  year = {2014},
  note = {R package version 1.1-1},
  url = {https://CRAN.R-project.org/package=binom},
}

@Manual{R-bookdown,
  title = {bookdown: Authoring Books and Technical Documents with R Markdown},
  author = {Yihui Xie},
  year = {2021},
  note = {https://github.com/rstudio/bookdown},
}

@Manual{R-broom.mixed,
  title = {broom.mixed: Tidying Methods for Mixed Models},
  author = {Ben Bolker and David Robinson},
  year = {2021},
  note = {R package version 0.2.7},
  url = {https://github.com/bbolker/broom.mixed},
}

@Manual{R-corrr,
  title = {corrr: Correlations in R},
  author = {Max Kuhn and Simon Jackson and Jorge Cimentada},
  year = {2020},
  note = {R package version 0.4.3},
  url = {https://CRAN.R-project.org/package=corrr},
}

@Manual{R-data.table,
  title = {data.table: Extension of `data.frame`},
  author = {Matt Dowle and Arun Srinivasan},
  year = {2021},
  note = {R package version 1.14.2},
  url = {https://CRAN.R-project.org/package=data.table},
}

@Manual{R-digest,
  title = {digest: Create Compact Hash Digests of R Objects},
  author = {Dirk Eddelbuettel},
  year = {2021},
  note = {R package version 0.6.29},
  url = {https://CRAN.R-project.org/package=digest},
}

@Manual{R-dplyr,
  title = {dplyr: A Grammar of Data Manipulation},
  author = {Hadley Wickham and Romain François and Lionel Henry and Kirill Müller},
  year = {2021},
  note = {R package version 1.0.7},
  url = {https://CRAN.R-project.org/package=dplyr},
}

@Manual{R-forcats,
  title = {forcats: Tools for Working with Categorical Variables (Factors)},
  author = {Hadley Wickham},
  year = {2021},
  note = {R package version 0.5.1},
  url = {https://CRAN.R-project.org/package=forcats},
}

@Manual{R-gganimate,
  title = {gganimate: A Grammar of Animated Graphics},
  author = {Thomas Lin Pedersen and David Robinson},
  year = {2020},
  note = {R package version 1.0.7},
  url = {https://CRAN.R-project.org/package=gganimate},
}

@Manual{R-ggplot2,
  title = {ggplot2: Create Elegant Data Visualisations Using the Grammar of Graphics},
  author = {Hadley Wickham and Winston Chang and Lionel Henry and Thomas Lin Pedersen and Kohske Takahashi and Claus Wilke and Kara Woo and Hiroaki Yutani and Dewey Dunnington},
  year = {2021},
  note = {R package version 3.3.5},
  url = {https://CRAN.R-project.org/package=ggplot2},
}

@Manual{R-ggpubr,
  title = {ggpubr: ggplot2 Based Publication Ready Plots},
  author = {Alboukadel Kassambara},
  year = {2020},
  note = {R package version 0.4.0},
  url = {https://rpkgs.datanovia.com/ggpubr/},
}

@Manual{R-ggrepel,
  title = {ggrepel: Automatically Position Non-Overlapping Text Labels with
ggplot2},
  author = {Kamil Slowikowski},
  year = {2021},
  note = {R package version 0.9.1},
  url = {https://github.com/slowkow/ggrepel},
}

@Manual{R-ggridges,
  title = {ggridges: Ridgeline Plots in ggplot2},
  author = {Claus O. Wilke},
  year = {2021},
  note = {R package version 0.5.3},
  url = {https://wilkelab.org/ggridges/},
}

@Manual{R-ggstatsplot,
  title = {ggstatsplot: ggplot2 Based Plots with Statistical Details},
  author = {Indrajeet Patil},
  year = {2021},
  note = {R package version 0.8.0},
  url = {https://CRAN.R-project.org/package=ggstatsplot},
}

@Manual{R-ggthemes,
  title = {ggthemes: Extra Themes, Scales and Geoms for ggplot2},
  author = {Jeffrey B. Arnold},
  year = {2021},
  note = {R package version 4.2.4},
  url = {https://github.com/jrnold/ggthemes},
}

@Manual{R-gtsummary,
  title = {gtsummary: Presentation-Ready Data Summary and Analytic Result Tables},
  author = {Daniel D. Sjoberg and Michael Curry and Margie Hannum and Joseph Larmarange and Karissa Whiting and Emily C. Zabor},
  year = {2021},
  note = {R package version 1.4.2},
  url = {https://CRAN.R-project.org/package=gtsummary},
}

@Manual{R-here,
  title = {here: A Simpler Way to Find Your Files},
  author = {Kirill Müller},
  year = {2020},
  note = {R package version 1.0.1},
  url = {https://CRAN.R-project.org/package=here},
}

@Manual{R-huxtable,
  title = {huxtable: Easily Create and Style Tables for LaTeX, HTML and Other Formats},
  author = {David Hugh-Jones},
  year = {2021},
  note = {R package version 5.4.0},
  url = {https://hughjonesd.github.io/huxtable/},
}

@Manual{R-infer,
  title = {infer: Tidy Statistical Inference},
  author = {Andrew Bray and Chester Ismay and Evgeni Chasnovski and Simon Couch and Ben Baumer and Mine Cetinkaya-Rundel},
  year = {2021},
  note = {R package version 1.0.0},
  url = {https://CRAN.R-project.org/package=infer},
}

@Manual{R-janitor,
  title = {janitor: Simple Tools for Examining and Cleaning Dirty Data},
  author = {Sam Firke},
  year = {2021},
  note = {R package version 2.1.0},
  url = {https://github.com/sfirke/janitor},
}

@Manual{R-kableExtra,
  title = {kableExtra: Construct Complex Table with kable and Pipe Syntax},
  author = {Hao Zhu},
  year = {2021},
  note = {R package version 1.3.4},
  url = {https://CRAN.R-project.org/package=kableExtra},
}

@Manual{R-knitr,
  title = {knitr: A General-Purpose Package for Dynamic Report Generation in R},
  author = {Yihui Xie},
  year = {2021},
  note = {R package version 1.36},
  url = {https://yihui.org/knitr/},
}

@Manual{R-labelled,
  title = {labelled: Manipulating Labelled Data},
  author = {Joseph Larmarange},
  year = {2021},
  note = {R package version 2.8.0},
  url = {http://larmarange.github.io/labelled/},
}

@Manual{R-likert,
  title = {likert: Analysis and Visualization Likert Items},
  author = {Jason Bryer and Kimberly Speerschneider},
  year = {2016},
  note = {R package version 1.3.5},
  url = {https://CRAN.R-project.org/package=likert},
}

@Manual{R-lmtest,
  title = {lmtest: Testing Linear Regression Models},
  author = {Torsten Hothorn and Achim Zeileis and Richard W. Farebrother and Clint Cummins},
  year = {2020},
  note = {R package version 0.9-38},
  url = {https://CRAN.R-project.org/package=lmtest},
}

@Manual{R-lubridate,
  title = {lubridate: Make Dealing with Dates a Little Easier},
  author = {Vitalie Spinu and Garrett Grolemund and Hadley Wickham},
  year = {2021},
  note = {R package version 1.7.10},
  url = {https://CRAN.R-project.org/package=lubridate},
}

@Manual{R-magrittr,
  title = {magrittr: A Forward-Pipe Operator for R},
  author = {Stefan Milton Bache and Hadley Wickham},
  year = {2020},
  note = {R package version 2.0.1},
  url = {https://CRAN.R-project.org/package=magrittr},
}

@Manual{R-pacman,
  title = {pacman: Package Management Tool},
  author = {Tyler Rinker and Dason Kurkiewicz},
  year = {2019},
  note = {R package version 0.5.1},
  url = {https://github.com/trinker/pacman},
}

@Manual{R-plotly,
  title = {plotly: Create Interactive Web Graphics via plotly.js},
  author = {Carson Sievert and Chris Parmer and Toby Hocking and Scott Chamberlain and Karthik Ram and Marianne Corvellec and Pedro Despouy},
  year = {2021},
  note = {R package version 4.9.4.1},
  url = {https://CRAN.R-project.org/package=plotly},
}

@Manual{R-purrr,
  title = {purrr: Functional Programming Tools},
  author = {Lionel Henry and Hadley Wickham},
  year = {2020},
  note = {R package version 0.3.4},
  url = {https://CRAN.R-project.org/package=purrr},
}

@Manual{R-readr,
  title = {readr: Read Rectangular Text Data},
  author = {Hadley Wickham and Jim Hester},
  year = {2021},
  note = {R package version 2.0.2},
  url = {https://CRAN.R-project.org/package=readr},
}

@Manual{R-readstata13,
  title = {readstata13: Import Stata Data Files},
  author = {Jan Marvin Garbuszus and Sebastian Jeworutzki},
  year = {2021},
  note = {R package version 0.10.0},
  url = {https://github.com/sjewo/readstata13},
}

@Manual{R-remotes,
  title = {remotes: R Package Installation from Remote Repositories, Including
GitHub},
  author = {Jim Hester and Gábor Csárdi and Hadley Wickham and Winston Chang and Martin Morgan and Dan Tenenbaum},
  year = {2021},
  note = {R package version 2.4.1},
  url = {https://CRAN.R-project.org/package=remotes},
}

@Manual{R-rlang,
  title = {rlang: Functions for Base Types and Core R and Tidyverse Features},
  author = {Lionel Henry and Hadley Wickham},
  year = {2021},
  note = {R package version 0.4.12},
  url = {https://CRAN.R-project.org/package=rlang},
}

@Manual{R-rmarkdown,
  title = {rmarkdown: Dynamic Documents for R},
  author = {JJ Allaire and Yihui Xie and Jonathan McPherson and Javier Luraschi and Kevin Ushey and Aron Atkins and Hadley Wickham and Joe Cheng and Winston Chang and Richard Iannone},
  year = {2021},
  note = {R package version 2.11},
  url = {https://CRAN.R-project.org/package=rmarkdown},
}

@Manual{R-santoku,
  title = {santoku: A Versatile Cutting Tool},
  author = {David Hugh-Jones},
  year = {2020},
  note = {R package version 0.5.0},
  url = {https://CRAN.R-project.org/package=santoku},
}

@Manual{R-scales,
  title = {scales: Scale Functions for Visualization},
  author = {Hadley Wickham and Dana Seidel},
  year = {2020},
  note = {R package version 1.1.1},
  url = {https://CRAN.R-project.org/package=scales},
}

@Manual{R-sjlabelled,
  title = {sjlabelled: Labelled Data Utility Functions},
  author = {Daniel Lüdecke},
  year = {2021},
  note = {R package version 1.1.8},
  url = {https://strengejacke.github.io/sjlabelled/},
}

@Manual{R-snakecase,
  title = {snakecase: Convert Strings into any Case},
  author = {Malte Grosser},
  year = {2019},
  note = {R package version 0.11.0},
  url = {https://github.com/Tazinho/snakecase},
}

@Manual{R-stringr,
  title = {stringr: Simple, Consistent Wrappers for Common String Operations},
  author = {Hadley Wickham},
  year = {2019},
  note = {R package version 1.4.0},
  url = {https://CRAN.R-project.org/package=stringr},
}

@Manual{R-surveytools2,
  title = {surveytools2: Surveytools2 is a collection of R functions that make working
with dplyr on survey analysis just a little bit better.
Inspired by dplyr and my previous surveytools package.},
  author = {"Peter Hurford"},
  year = {2021},
  note = {R package version 0.8},
}

@Manual{R-tibble,
  title = {tibble: Simple Data Frames},
  author = {Kirill Müller and Hadley Wickham},
  year = {2021},
  note = {R package version 3.1.5},
  url = {https://CRAN.R-project.org/package=tibble},
}

@Manual{R-tidyr,
  title = {tidyr: Tidy Messy Data},
  author = {Hadley Wickham},
  year = {2021},
  note = {R package version 1.1.4},
  url = {https://CRAN.R-project.org/package=tidyr},
}

@Manual{R-tidyverse,
  title = {tidyverse: Easily Install and Load the Tidyverse},
  author = {Hadley Wickham},
  year = {2021},
  note = {R package version 1.3.1},
  url = {https://CRAN.R-project.org/package=tidyverse},
}

@Manual{R-treemapify,
  title = {treemapify: Draw Treemaps in ggplot2},
  author = {David Wilkins},
  year = {2021},
  note = {R package version 2.5.5},
  url = {https://wilkox.org/treemapify/},
}

@Manual{R-vtable,
  title = {vtable: Variable Table for Variable Documentation},
  author = {Nick Huntington-Klein},
  year = {2021},
  note = {R package version 1.3.3},
  url = {https://nickch-k.github.io/vtable/},
}

@Manual{R-xtable,
  title = {xtable: Export Tables to LaTeX or HTML},
  author = {David B. Dahl and David Scott and Charles Roosen and Arni Magnusson and Jonathan Swinton},
  year = {2019},
  note = {R package version 1.8-4},
  url = {http://xtable.r-forge.r-project.org/},
}

@Manual{R-zoo,
  title = {zoo: S3 Infrastructure for Regular and Irregular Time Series (Z's
Ordered Observations)},
  author = {Achim Zeileis and Gabor Grothendieck and Jeffrey A. Ryan},
  year = {2021},
  note = {R package version 1.8-9},
  url = {https://zoo.R-Forge.R-project.org/},
}

@Book{bookdown2016,
  title = {bookdown: Authoring Books and Technical Documents with {R} Markdown},
  author = {Yihui Xie},
  publisher = {Chapman and Hall/CRC},
  address = {Boca Raton, Florida},
  year = {2016},
  note = {ISBN 978-1138700109},
  url = {https://bookdown.org/yihui/bookdown},
}

@Book{ggplot22016,
  author = {Hadley Wickham},
  title = {ggplot2: Elegant Graphics for Data Analysis},
  publisher = {Springer-Verlag New York},
  year = {2016},
  isbn = {978-3-319-24277-4},
  url = {https://ggplot2.tidyverse.org},
}

@Article{ggstatsplot2021,
  doi = {10.21105/joss.03167},
  url = {https://doi.org/10.21105/joss.03167},
  year = {2021},
  publisher = {{The Open Journal}},
  volume = {6},
  number = {61},
  pages = {3167},
  author = {Indrajeet Patil},
  title = {{Visualizations with statistical details: The {'ggstatsplot'} approach}},
  journal = {{Journal of Open Source Software}},
}

@Book{knitr2015,
  title = {Dynamic Documents with {R} and knitr},
  author = {Yihui Xie},
  publisher = {Chapman and Hall/CRC},
  address = {Boca Raton, Florida},
  year = {2015},
  edition = {2nd},
  note = {ISBN 978-1498716963},
  url = {https://yihui.org/knitr/},
}

@InCollection{knitr2014,
  booktitle = {Implementing Reproducible Computational Research},
  editor = {Victoria Stodden and Friedrich Leisch and Roger D. Peng},
  title = {knitr: A Comprehensive Tool for Reproducible Research in {R}},
  author = {Yihui Xie},
  publisher = {Chapman and Hall/CRC},
  year = {2014},
  note = {ISBN 978-1466561595},
  url = {http://www.crcpress.com/product/isbn/9781466561595},
}

@Article{lmtest2002,
  title = {Diagnostic Checking in Regression Relationships},
  author = {Achim Zeileis and Torsten Hothorn},
  journal = {R News},
  year = {2002},
  volume = {2},
  number = {3},
  pages = {7--10},
  url = {https://CRAN.R-project.org/doc/Rnews/},
}

@Article{lubridate2011,
  title = {Dates and Times Made Easy with {lubridate}},
  author = {Garrett Grolemund and Hadley Wickham},
  journal = {Journal of Statistical Software},
  year = {2011},
  volume = {40},
  number = {3},
  pages = {1--25},
  url = {https://www.jstatsoft.org/v40/i03/},
}

@Manual{pacman2018,
  title = {{pacman}: {P}ackage Management for {R}},
  author = {Tyler W. Rinker and Dason Kurkiewicz},
  address = {Buffalo, New York},
  note = {version 0.5.0},
  year = {2018},
  url = {http://github.com/trinker/pacman},
}

@Book{plotly2020,
  author = {Carson Sievert},
  title = {Interactive Web-Based Data Visualization with R, plotly, and shiny},
  publisher = {Chapman and Hall/CRC},
  year = {2020},
  isbn = {9781138331457},
  url = {https://plotly-r.com},
}

@Book{rmarkdown2018,
  title = {R Markdown: The Definitive Guide},
  author = {Yihui Xie and J.J. Allaire and Garrett Grolemund},
  publisher = {Chapman and Hall/CRC},
  address = {Boca Raton, Florida},
  year = {2018},
  note = {ISBN 9781138359338},
  url = {https://bookdown.org/yihui/rmarkdown},
}

@Book{rmarkdown2020,
  title = {R Markdown Cookbook},
  author = {Yihui Xie and Christophe Dervieux and Emily Riederer},
  publisher = {Chapman and Hall/CRC},
  address = {Boca Raton, Florida},
  year = {2020},
  note = {ISBN 9780367563837},
  url = {https://bookdown.org/yihui/rmarkdown-cookbook},
}

@Manual{sjlabelled2021,
  title = {sjlabelled: Labelled Data Utility Functions (Version 1.1.8)},
  author = {Daniel Lüdecke},
  year = {2021},
  url = {https://CRAN.R-project.org/package=sjlabelled},
  doi = {10.5281/zenodo.1249215},
}

@Article{tidyverse2019,
  title = {Welcome to the {tidyverse}},
  author = {Hadley Wickham and Mara Averick and Jennifer Bryan and Winston Chang and Lucy D'Agostino McGowan and Romain François and Garrett Grolemund and Alex Hayes and Lionel Henry and Jim Hester and Max Kuhn and Thomas Lin Pedersen and Evan Miller and Stephan Milton Bache and Kirill Müller and Jeroen Ooms and David Robinson and Dana Paige Seidel and Vitalie Spinu and Kohske Takahashi and Davis Vaughan and Claus Wilke and Kara Woo and Hiroaki Yutani},
  year = {2019},
  journal = {Journal of Open Source Software},
  volume = {4},
  number = {43},
  pages = {1686},
  doi = {10.21105/joss.01686},
}

@Article{zoo2005,
  title = {zoo: S3 Infrastructure for Regular and Irregular Time Series},
  author = {Achim Zeileis and Gabor Grothendieck},
  journal = {Journal of Statistical Software},
  year = {2005},
  volume = {14},
  number = {6},
  pages = {1--27},
  doi = {10.18637/jss.v014.i06},
}

