@Article{Heckman2013,
  title = {Econometric {{Mediation Analyses}} : {{Identifying}} the {{Sources}} of {{Treatment Effects}} from {{Experimentally Estimated Production Technologies}} with {{Unmeasured}} and {{Mismeasured Inputs}}},
  author = {James Heckman and Rodrigo Pinto and James Heckman},
  year = {2013},
  keywords = {measureme,mediation analysis,production function},
  number = {7552},
}
